@article{eagleHouseholdCharitableGiving2018,
 author = {Eagle, David E. and Keister, Lisa A. and Read, Jenâ€™nan G.},
 copyright = {All rights reserved},
 doi = {10.1177/0899764017734650},
 file = {Eagle Keister Read - 2017.pdf:files/2038/Eagle Keister Read - 2017.pdf:application/pdf},
 issn = {0899-7640, 1552-7395},
 journal = {Nonprofit and Voluntary Sector Quarterly},
 language = {en},
 month = {February},
 number = {1},
 pages = {185--205},
 title = {Household charitable giving at the intersection of gender, marital status, and religion},
 url = {http://journals.sagepub.com/doi/10.1177/0899764017734650},
 urldate = {2018-09-17},
 volume = {47},
 year = {2018}
}

