@incollection{eagleMegaMediumMini2012,
 author = {Eagle, David E.},
 booktitle = {Research in the Sociology of Work},
 copyright = {All rights reserved},
 doi = {10.1108/S0277-2833(2012)0000023015},
 editor = {Keister, Lisa A. and McCarthy, John and Finke, Roger},
 file = {Eagle - 2012 - Mega, Medium, and Mini Size and the Socioeconomic.pdf:files/2706/Eagle - 2012 - Mega, Medium, and Mini Size and the Socioeconomic.pdf:application/pdf},
 isbn = {978-1-78052-346-0 978-1-78052-347-7},
 language = {en},
 month = {January},
 pages = {281--307},
 publisher = {Emerald Group Publishing Limited},
 shorttitle = {Mega, medium, and mini},
 title = {Mega, medium, and mini: size and the socioeconomic status composition of American Protestant churches},
 url = {http://www.emeraldinsight.com/doi/10.1108/S0277-2833%282012%290000023015},
 urldate = {2018-09-17},
 volume = {23},
 year = {2012}
}

