@inbook{testcite,
  title = {Getting {{Data}} into {{R}}},
  booktitle = {A {{Beginner}}'s {{Guide}} to {{R}}},
  author = {Zuur, Alain F. and Ieno, Elena N. and Meesters, Erik},
  year = {2009},
  pages = {29--56},
  publisher = {{Springer New York}},
  address = {{New York, NY}},
  doi = {10.1007/978-0-387-93837-0_2},
  collaborator = {Zuur, Alain F. and Ieno, Elena N. and Meesters, Erik},
  isbn = {978-0-387-93836-3 978-0-387-93837-0},
  langid = {english},
  file = {/Volumes/GoogleDrive/My Drive/PDFsRefs/Z/Zuur_et_al_2009_Getting_Data_into_R.pdf}
}
