@article{eagleLooseningBondReligion2011,
 author = {Eagle, David},
 copyright = {All rights reserved},
 doi = {10.1111/j.1468-5906.2011.01596_2.x},
 file = {Eagle - 2011 - The Loosening Bond of Religion on Canadian Society.pdf:files/2705/Eagle - 2011 - The Loosening Bond of Religion on Canadian Society.pdf:application/pdf;Eagle - 2011 - The Loosening Bond of Religion on Canadian Society.pdf:/Users/dee4/Zotero/storage/DCKNVG9Q/Eagle - 2011 - The Loosening Bond of Religion on Canadian Society.pdf:application/pdf;Eagle - 2011 - The Loosening Bond of Religion on Canadian Society.pdf:/Users/dee4/Zotero/storage/TU8Y28UP/Eagle - 2011 - The Loosening Bond of Religion on Canadian Society.pdf:application/pdf},
 issn = {00218294},
 journal = {Journal for the Scientific Study of Religion},
 language = {en},
 month = {December},
 number = {4},
 pages = {838--839},
 shorttitle = {The loosening bond of religion on canadian society},
 title = {The loosening bond of religion on Canadian society: reply to bibby},
 url = {http://doi.wiley.com/10.1111/j.1468-5906.2011.01596_2.x},
 urldate = {2018-09-17},
 volume = {50},
 year = {2011}
}

