@article{smithProspectiveAssociationsDepressive2017,
 abstract = {AbstractBackground.  Metabolic syndrome (Met-S) has a robust concurrent association with depression. A small, methodologically limited literature suggests that},
 author = {Smith, Timothy W. and Eagle, David E. and Proeschold-Bell, Rae Jean},
 copyright = {All rights reserved},
 doi = {10.1007/s12160-017-9883-3},
 file = {Smith et al_2017_Prospective Associations Between Depressive Symptoms and the Metabolic Syndrome.pdf:files/5686/Smith et al_2017_Prospective Associations Between Depressive Symptoms and the Metabolic Syndrome.pdf:application/pdf;Snapshot:files/5687/4643251.html:text/html},
 issn = {0883-6612},
 journal = {Annals of Behavioral Medicine},
 language = {en},
 month = {August},
 number = {4},
 pages = {610--619},
 shorttitle = {Prospective associations between depressive symptoms and the metabolic syndrome},
 title = {Prospective associations between depressive symptoms and the metabolic syndrome: the spirited life study of Methodist pastors in North Carolina},
 url = {https://academic.oup.com/abm/article/51/4/610/4643251},
 urldate = {2019-09-10},
 volume = {51},
 year = {2017}
}

