
@article{eagleIntroducingSeminaryEarly2023,
	title = {Introducing the {Seminary} to {Early} {Ministry} {Study}},
	copyright = {All rights reserved},
	issn = {0034-4087},
	url = {https://doi.org/10.1080/00344087.2023.2199240},
	doi = {10.1080/00344087.2023.2199240},
	journal = {Religious Education},
	author = {Eagle, David and Gaghan, Josh and Johnston, Erin},
	month = apr,
	year = {2023},
	note = {Publisher: Routledge},
	pages = {1--13},
	file = {Eagle et al. - 2023 - Introducing the Seminary to Early Ministry Study.pdf:/Users/dee4/Zotero/storage/Y29EE3PG/Eagle et al. - 2023 - Introducing the Seminary to Early Ministry Study.pdf:application/pdf},
}
